@article{1361981469031994624,
author="Edgar, Brunner and Ullrich, Munzel",
title="The Nonparametric Behrens-Fisher Problem: Asymptotic Theory and a Small-Sample Approximation",
journal="Biometrical Journal",
ISSN="0323-3847",
publisher="Wiley",
year="2000",
month="01",
volume="42",
number="1",
pages="17-25",
DOI="10.1002/(sici)1521-4036(200001)42:1<17::aid-bimj17>3.0.co;2-u",
URL="https://cir.nii.ac.jp/crid/1361981469031994624"
}

@article{1360292618739561728,
author="Ronald W. Rogers",
title="A Protection Motivation Theory of Fear Appeals and Attitude Change1",
journal="The Journal of Psychology",
ISSN="0022-3980",
publisher="Informa UK Limited",
year="1975",
month="09",
volume="91",
number="1",
pages="93-114",
DOI="10.1080/00223980.1975.9915803",
URL="https://cir.nii.ac.jp/crid/1360292618739561728"
}

@article{1570572700020740224,
author="ROGERS, RW.",
title="Cognitive and physiological processes in fear appeals and attitude change : A revised theory of protection motivation",
journal="Social Psychology : A Source Book",
publisher="Guilford Press",
year="1983",
pages="153-176",
URL="https://cir.nii.ac.jp/crid/1570572700020740224"
}

@article{1390282681220264832,
author="相引, 梨沙 and 義澤, 宣明 and 山口, 健太郎 and 下村, 徹 and 氷川, 珠恵 and 瀧, 陽一郎 and 山添, 真喜子 and 栗山, 章",
title="<b>訪日外国人旅行者に向けた災害情報提供のあり方 </b>",
journal="安全工学",
ISSN="05704480",
publisher="安全工学会",
year="2016",
month="06",
volume="55",
number="3",
pages="182-188",
DOI="10.18943/safety.55.3_182",
URL="https://cir.nii.ac.jp/crid/1390282681220264832"
}

@article{1050845762864528128,
author="安部, 美和 and Abe, Miwa",
title="熊本地震の経験からみる避難所運営と外国人避難者対応",
journal="復興",
publisher="日本災害復興学会",
year="2017",
month="11",
volume="8",
number="2",
pages="24-30",
URL="https://cir.nii.ac.jp/crid/1050845762864528128"
}

@article{1050292572101475584,
author="板宮朋基 and 吉岡英樹 and 大山昌彦 and 小川高志",
title="津波避難行動支援スマートフォンアプリ「デジタル皆助ナビ」の開発と高知県黒潮町における実証実験",
journal="第75回全国大会講演論文集",
year="2013",
month="03",
volume="2013",
number="1",
pages="515-516",
URL="https://cir.nii.ac.jp/crid/1050292572101475584"
}

@article{1390292328629309824,
author="伊藤, 渚生 and 一ノ瀬, 友博",
title="観光客の津波避難経路選択について",
journal="都市計画報告集",
ISSN="2436-4460",
publisher="公益社団法人 日本都市計画学会",
year="2019",
month="03",
volume="17",
number="4",
pages="388-392",
DOI="10.11361/reportscpij.17.4_388",
URL="https://cir.nii.ac.jp/crid/1390292328629309824"
}

@article{1050855522101622784,
author="江守, 直人 and 仲谷, 善雄 and 泉, 朋子 and 北村, 尊義",
title="観光客の行動パターンを考慮した避難誘導方法検討支援システム",
journal="第78回全国大会講演論文集",
year="2016",
month="03",
volume="2016",
number="1",
pages="151-152",
URL="https://cir.nii.ac.jp/crid/1050855522101622784"
}

@article{1390001204784109440,
author="大佛, 俊泰 and 沖, 拓弥",
title="リアルタイム災害情報収集・共有・活用システムの開発",
journal="日本建築学会計画系論文集",
ISSN="13404210",
publisher="日本建築学会",
year="2017",
volume="82",
number="739",
pages="2451-2459",
DOI="10.3130/aija.82.2451",
URL="https://cir.nii.ac.jp/crid/1390001204784109440"
}

@article{Kakimoto2014,
  title={予防的避難の阻害要因と促進要因に関する分析},
  author={柿本 竜治 and 金 華永 and 吉田 護 and 藤見 俊夫},
  journal={都市計画論文集},
  volume={49},
  number={3},
  pages={321-326},
  year={2014},
  doi={10.11361/journalcpij.49.321}
}

@article{1050011097136129280,
author="片山, 健太 and 横山, 真悟 and 加藤, 匠 and 高橋, 秀幸 and 横田, 信英 and 杉安, 和也 and 木下, 哲男",
title="避難行動支援向けエージェント型IoTシステムの検討",
journal="第79回全国大会講演論文集",
year="2017",
month="03",
volume="2017",
number="1",
pages="593-594",
URL="https://cir.nii.ac.jp/crid/1050011097136129280"
}

@article{1521980705612860544,
author="菊澤, 育代",
title="災害時に外国人が抱える課題 : 情報発信のあり方を考察する",
journal="都市政策研究",
ISSN="18805493",
publisher="福岡アジア都市研究所",
year="2020",
month="01",
number="21",
pages="25-38",
URL="https://cir.nii.ac.jp/crid/1521980705612860544"
}

@article{1390569634314138496,
author="小林, 直輝 and 山﨑, 達也 and 佐藤, 翔輔",
title="避難シミュレーションにおける局所的情報を扱う避難誘導システムの提案",
journal="日本シミュレーション学会論文誌",
ISSN="1883-5031",
publisher="日本シミュレーション学会",
year="2021",
volume="13",
number="1",
pages="23-31",
DOI="10.11308/tjsst.13.23",
URL="https://cir.nii.ac.jp/crid/1390569634314138496"
}

@article{1390009226851436800,
author="酒井, 宏平",
title="複数状況の組み合わせを考慮した観光客の避難行動に関する研究",
journal="城西現代政策研究",
ISSN="1881-9001",
publisher="城西大学現代政策学部",
year="2021",
month="12",
volume="15",
number="1",
pages="19-31",
DOI="10.20566/18819001_15(1)_19",
URL="https://cir.nii.ac.jp/crid/1390009226851436800"
}

@article{1050292572146543616,
author="坂本, 真輝 and 吉野, 孝 and 永井, 隼人 and 佐野, 楓 and ブレント, リッチー",
title="観光客を対象としたWeb閲覧時に防災情報にさらすシステムの評価",
journal="ワークショップ2018 （GN Workshop 2018) 論文集",
year="2018",
month="11",
volume="2018",
pages="1-6",
URL="https://cir.nii.ac.jp/crid/1050292572146543616"
}

@article{1050008688828165120,
author="阪本, 真由美",
title="災害時における外国人の避難をめぐる課題について",
journal="人文研ブックレット",
publisher="同志社大学人文科学研究所",
year="2021",
month="10",
number="71",
pages="17-28",
URL="https://cir.nii.ac.jp/crid/1050008688828165120"
}

@article{1050566774961171072,
author="Sato, Kumi and NANGONG, Zhina and OKAMOTO, Kohei and 佐藤, 久美 and 南宮, 智娜 and 岡本, 耕平",
title="災害時における訪日外国人観光客への情報提供に関する考察",
journal="金城学院大学論集. 社会科学編",
ISSN="1880036X",
publisher="金城学院大学",
year="2020",
month="03",
volume="16",
number="2",
pages="112-122",
URL="https://cir.nii.ac.jp/crid/1050566774961171072"
}

@article{1390855511130932864,
author="志垣, 沙灯子 and 吉野, 孝 and 永井, 隼人 and 佐野, 楓 and ブレント, リッチー",
title="外国人観光客を対象とした防災知識提供システムにおける情報提示手法",
journal="情報処理学会論文誌",
ISSN="1882-7764",
publisher="[出版社不明]",
year="2021",
month="01",
volume="62",
number="1",
pages="204-213",
DOI="10.20729/00208884",
URL="https://cir.nii.ac.jp/crid/1390855511130932864"
}

@article{1390848250124314752,
author="秦, 康範",
title="訪日外国人への災害情報提供の現状と課題",
journal="IATSS Review（国際交通安全学会誌）",
ISSN="03861104",
publisher="公益財団法人 国際交通安全学会",
year="2020",
month="06",
volume="45",
number="1",
pages="28-35",
DOI="10.24572/iatssreview.45.1_28",
URL="https://cir.nii.ac.jp/crid/1390848250124314752"
}

@article{1390001205355532672,
author="鈴木, 弘司 and 竹村, 亮佑",
title="沿岸観光地における津波避難意識・行動に関する基礎的研究",
journal="土木学会論文集D3（土木計画学）",
ISSN="2185-6540",
publisher="公益社団法人 土木学会",
year="2017",
volume="73",
number="5",
pages="I_559-I_568",
DOI="10.2208/jscejipm.73.i_559",
URL="https://cir.nii.ac.jp/crid/1390001205355532672"
}

@article{1520577741138112640,
author="田中, 義朗 and 鎌田, 亮 and 竹島, 小一郎 and 加藤, 孝明",
title="BLEビーコンを活用した津波避難訓練行動モニタリングシステムの開発 : 伊豆市土肥大藪地区におけるスタディ",
journal="地域安全学会論文集",
ISSN="13452088",
publisher="地域安全学会事務局",
year="2021",
number="38・39",
pages="61-71",
URL="https://cir.nii.ac.jp/crid/1520577741138112640"
}

@article{1050565163716925056,
author="タムラ, ヤスコ and タツミ, ユキ and アダチ, カズミ and ミヤモト, ジュンコ and Tamura, Yasuko and Tatsumi, Yuki and Adachi, Kazumi and Miyamoto, Junko",
title="日本における外国人旅行者の被災状況に関する分析～インターネット上で公開されている2018年および2019年に発生した災害の資料より～",
journal="神戸女子大学看護学部紀要",
ISSN="24355917",
publisher="神戸女子大学看護学部",
year="2020",
month="03",
volume="5",
pages="23-36",
URL="https://cir.nii.ac.jp/crid/1050565163716925056"
}

@article{Tamura2017,
 author = "田村太郎",
 title = "災害時における外国人への対応~支援の対象だけでなく、担い手としての外国人への視点を~",
 journal = "自治体国際化フォーラム",
 volume = "332",
 year = 2017,
 month="06",
}

@article{1390574181079225984,
author="鶴島, 彰",
title="リスクと多目的を考慮した視覚的避難誘導標識の割当て",
journal="人工知能学会全国大会論文集",
publisher="一般社団法人 人工知能学会",
year="2022",
volume="JSAI2022",
number="0",
pages="4N3GS502-4N3GS502",
DOI="10.11517/pjsai.jsai2022.0_4n3gs502",
URL="https://cir.nii.ac.jp/crid/1390574181079225984"
}

@article{1390848250106615040,
author="照本, 清峰",
title="観光客の地震・津波の危険性と避難行動の認識",
journal="都市計画論文集",
ISSN="0916-0647",
publisher="公益社団法人 日本都市計画学会",
year="2020",
month="04",
volume="55",
number="1",
pages="30-40",
DOI="10.11361/journalcpij.55.30",
URL="https://cir.nii.ac.jp/crid/1390848250106615040"
}

@article{1390001277395601152,
author="永井, 勇輝 and 山本, 和清 and 宮﨑, 渉 and 鈴木, 一帆 and 友枝, 萌子 and 阿久津, 研介",
title="津波災害時における観光施設等の外国人観光客への避難誘導に関する研究",
journal="環境情報科学論文集",
publisher="一般社団法人 環境情報科学センター",
year="2019",
month="11",
volume="ceis33",
number="0",
pages="193-198",
DOI="10.11492/ceispapers.ceis33.0_193",
URL="https://cir.nii.ac.jp/crid/1390001277395601152"
}

@article{1390001204302609408,
author="仲谷, 善雄",
title="観光客を対象とした防災情報システムの動向",
journal="システム／制御／情報",
ISSN="09161600",
publisher="一般社団法人 システム制御情報学会",
year="2016",
volume="60",
number="4",
pages="160-165",
DOI="10.11509/isciesci.60.4_160",
URL="https://cir.nii.ac.jp/crid/1390001204302609408"
}

@article{1050574047089440256,
author="中本, 涼菜 and 谷岡, 遼太 and 吉野, 孝",
title="VRを用いた被災体験とその対策を繰り返すことによる防災教育システムの提案",
journal="2017年度 情報処理学会関西支部 支部大会 講演論文集",
ISSN="1884-197X",
publisher="[情報処理学会関西支部]",
year="2017",
month="09",
volume="2017",
pages="6p",
URL="https://cir.nii.ac.jp/crid/1050574047089440256"
}

@article{1520853832215022720,
author="倪, 永茂",
title="外国人観光客向け多言語災害情報サービスの現状と課題 : 台風15号、19号を中心に",
journal="宇都宮大学国際学部附属多文化公共圏センター年報",
ISSN="21895252",
publisher="宇都宮大学国際学部附属多文化公共圏センター",
year="2019",
number="12",
pages="70-78",
URL="https://cir.nii.ac.jp/crid/1520853832215022720"
}

@article{1050292572101463552,
author="濵村朱里 and 福島拓 and 吉野孝 and 江種伸之",
title="災害直後の避難支援を目的とした常時利用型災害時支援システムの開発",
journal="第75回全国大会講演論文集",
year="2013",
month="03",
volume="2013",
number="1",
pages="815-816",
URL="https://cir.nii.ac.jp/crid/1050292572101463552"
}

@article{1521699231197386368,
author="増田, 充真",
title="災害時における外国人旅行者への対応に関する一考察",
journal="Research Bureau論究 : journal of the Research Bureau of the House of Representatives",
publisher="衆議院調査局",
year="2021",
month="12",
volume="18",
pages="100-114",
URL="https://cir.nii.ac.jp/crid/1521699231197386368"
}

@article{1050569612368865536,
author="村上, 直冴 and 松田, 勝敬 and MURAKAMI, Naoki and MATSUDA, Masahiro",
title="緊急速報情報統合アプリケーションにおける データベースおよび地図機能の実装の検討",
journal="東北工業大学紀要 理工学編・人文社会科学編",
ISSN="0285-3817",
publisher="東北工業大学",
year="2021",
month="03",
number="41",
pages="13-19",
URL="https://cir.nii.ac.jp/crid/1050569612368865536"
}

@article{1520856738287330432,
author="和田, 友孝 and 前川, 華奈 and 大月, 一弘",
title="緊急救命避難支援システムにおける複数箇所の災害発生を考慮した避難誘導方式",
journal="災害情報 = Journal of disaster information studies : 日本災害情報学会誌",
ISSN="13483609",
publisher="日本災害情報学会",
year="2021",
month="07",
number="19",
pages="121-131",
URL="https://cir.nii.ac.jp/crid/1520856738287330432"
}

@article{1520014890269275264,
author="渡辺, 恭人",
title="災害時における情報提供の手法と事例",
journal="国府台経済研究",
ISSN="0916281X",
publisher="千葉商科大学経済研究所",
year="2023",
month="03",
volume="32",
number="1",
pages="107-125",
URL="https://cir.nii.ac.jp/crid/1520014890269275264"
}

@misc{cranBrunnerMunzel,
author="CRAN",
title="brunnermunzel: (Permuted) Brunner-Munzel Test",
note="\url{https://cran.r-project.org/web/packages/brunnermunzel/index.html}~(参照 2024-1-8)"
}

@misc{Firebase,
author="Firebase",
title="Cloud Firestore",
note="\url{https://firebase.google.com/docs/firestore?hl=ja}~(参照 2024-1-8)"
}

@misc{Flutter,
author="Flutter",
title="Build for any screen",
note="\url{https://flutter.dev/}~(参照 2024-1-8)"
}

@misc{GoogleMap,
author="Google Mpas Platform",
title="Place API 概要",
note="\url{https://developers.google.com/maps/documentation/places/web-service/overview?hl=ja}~(参照 2024-1-8)"
}

@misc{Windy,
author="WINDY.APP",
title="Windyとはなにか？",
note="\url{https://windy.app/ja}~(参照 2024-1-8)"
}

@misc{KishoutyouXML,
author="国土交通省気象庁",
title="気象庁防災情報XMLフォーマット　情報提供ページ",
note="\url{https://xml.kishou.go.jp/}~(参照 2024-1-8)"
}
@misc{SafetyTips,
author="国土交通省観光庁",
title="プッシュ型情報発信アプリ「Safety tips」概要",
year = 2020,
note="\url{https://www.mlit.go.jp/common/001101175.pdf}~(参照 2024-1-8)"
}

@misc{TrainData,
author="国土数値情報ダウンロードサイト",
title="鉄道データ",
note="\url{https://nlftp.mlit.go.jp/ksj/gml/datalist/KsjTmplt-N02-v2_3.html}~(参照 2024-1-8)"
}

@misc{Geocoding,
author="国土数値情報ダウンロードサイト",
title="街区レベル位置参照情報とは",
note="\url{https://nlftp.mlit.go.jp/isj/index.html}~(参照 2024-1-8)"
}


@misc{Typhoon,
author="サーベイリサーチセンター",
title="台風19号の災害情報等における事前対応に関する訪日外国人調査",
year = 2019,
note="\url{https://www.surece.co.jp/wp_surece/wp-content/uploads/2019/10/PressRelease20191017.pdf}~(参照 2024-1-8)"
}

@misc{nihonkeizaisinbun,
author="日本経済新聞",
title="台風10号が西日本縦断　1人死亡40人けが、Uターン直撃",
year = 2019,
note="\url{https://www.nikkei.com/article/DGXMZO48573920V10C19A8000000/}~(参照 2024-1-8)"
}

@misc{nihonhousou,
author="ニッポン放送",
title="西日本豪雨～避難指示が60万人に及んだ京都府現地での被害状況",
year = 2018,
note="\url{https://news.1242.com/article/148867}~(参照 2024-1-8)"
}

@misc{hounitilabo,
author="訪日ラボ",
title="【台風21号】大阪ホステルに聞いた 災害時の外国人対応「欧米人は『台風珍しい！動画撮りたい！』と外に出たがり静止するのが大変だった…」／国によって異なる災害への反応",
year = 2018,
note="\url{https://honichi.com/news/2018/09/12/osakadamageinterview/}~(参照 2024-1-8)"
}
